% References
@misc{CDCOutbreaks,
author = {Center for Disease Control and Prevention},
title  = {Outbreaks Chronology: Ebola Virus Disease},
date   = {2015-07},
howpublished = {\url{http://www.cdc.gov/vhf/ebola/outbreaks/history/chronology.html}}
}


@misc{CDCSympt,
author = {Center for Disease Control and Prevention},
title  = {Ebola Viris Disease},
date   = {2014-11},
howpublished = {\url{http://www.cdc.gov/vhf/ebola/index.html}}
}

@misc{WHOReasons,
author = {World Health Organization},
title  = {Factors that contributed to undetected spread of the Ebola virus and impeded rapid containment},
date   = {2015-01},
howpublished = {\url{http://www.who.int/csr/disease/ebola/one-year-report/factors/en/}}
}

@misc{CDCData,
author = {Center for Disease Control and Prevention},
title  = {Ebola Viris Disease: Previous Case Counts},
date   = {2015-07},
howpublished={\url{http://www.cdc.gov/vhf/ebola/outbreaks/2014-west-africa/previous-case-counts.html}}
}

@misc{IM_BI,
author = {N. Yoon and D. Velez-Rendon},
title  = {Liberia: Modeling Ebola Virus Disease Before International Intervention},
date   = {2015-07},
howpublished = {\url{https://insightmaker.com/insight/34914/Ebola-Liberia}}
}

@misc{IM_AI,
author = {N. Yoon and D. Velez-Rendon},
title  = {Liberia: Modeling Ebola Virus Disease After International Intervention},
date   = {2015-07},
howpublished = {\url{https://insightmaker.com/insight/34971/Ebola-Liberia-Before-After-Intervention}}
}


@misc{WHOFacts,
author = {World Health Organization},
title  = {Ebola virus disease: Fact sheet N°103},
date   = {2015-04},
howpublished = {\url{http : // www.who.int/mediacentre/factsheets/fs103/en/}}
}

@misc{LiberiaPop,
author = {The World Bank},
title  = {Liberia},
date   = {2015-07},
howpublished = {\url{http : http://www.worldbank.org/en/country/liberia/}}
}


@article{Legrand2007,
	author = {J. Legrand and R. F. Grais and P. Y. Boelle and A. J. Valleron and A. Flahault},
	title = {Understanding the dynamics of Ebola epidemics},
	journal = {Epidemiology and Infection},
	volume = {135},
	issue = {4},
	pages = {610-621},
	year = {2007},
}

@article{Lekone2006,
	author = { P. E. Lekone and B. F. Finkenstädt},
	title = { Statistical inference in a stochastic epidemic SEIR model with control intervention: Ebola as a case study},
	journal = {Biometrics},
	volume = {62},
	issue = {4},
	pages = {1170-1177},
	year = {2006},
	doi = {http://dx.doi.org/10.1111/j.1541-0420.2006.00609.x},
	url = "http://onlinelibrary.wiley.com/doi/10.1111/j.1541-0420.2006.00609.x/full",
}

@article{Merler2015,
	author = { S. Merler and M. Ajelli and L. Fumanelli and M. F. C. Gomes and A. P. Piontti and L. Rossi and D. L. Chao and I. M. Longini Jr. and M. E. Halloran and A. Vespignani},
	title = {Spatiotemporal spread of the 2014 outbreak of Ebola virus disease in Liberia and the effectiveness of non-pharmaceutical interventions: a computational modeling analysis},
	journal = {The Lancet Infectious Diseases Journal },
	volume = {15},
	issue = {2},
	pages = {204-211},
	year = {2015},
}

@article{Poletto2014,
	author = {C. Poletto and M.F. Gomez and A. Pastore y Piontti and L. Rossil and D.L.Chao and I.M. Longini and M.E. Halloran and V. Colizza and A. Vespignani},
	title = { Assesing the impact of travel restrictions o international spread of the 2014 West African Ebola epidemic},
	journal = {Eurosurveillance},
	issue = {43},
volume={19}
	year = {2014},
}


@article{Rivers2014,
	author = {C. M. Rivers and E.T. Lofgren and M. Marathe and S. Eubank and B. I. Lewis},
	title = {  Modeling the Impact of Interventions on an Epidemic of Ebola in Sierra Leone and Liberia},
	journal = {  PLOS Currents Outbreaks},
	issue = {1},
	year = {2014},
}


@article{Siettos2015,
	author = {C. Siettos and C. Anastassopoulou and L. Russo and C. Grigoras and E. Mylonakis },
	title = {Modeling the 2014 Ebola virus epidemic – agent-based simulations, temporal analysis and future predictions for Liberia and Sierra Leone},
	journal = { PLOS Currents Outbreaks},
	issue = {1},
	year = {2015},
}

@article{Webb2015,
	author = {G. Webb and C. Browne and X. Huo and O. Seydi and M. Seydi and P. Magal},
	title = { A Model of the 2014 Ebola epidemic in West Africa with contact tracing},
	journal = { PLOS Currents Outbreaks},
	issue = {1},
	year = {2015},
}

@article{WHO2014,
	author = {WHO Ebola Response Teaml},
	title = { Ebola Virus Disease in West Africa — The First 9 Months of the Epidemic and Forward Projections},
	journal = { The New England Journal of Medicine},
	issue = {371},
	pages={1481-1495}
	year = {2014},
}


@article{FortmannRoe,
	author = {S. Fortmann-Roe},
	title = {Insight Maker: A general-purpose tool for web-based modeling \& simulation},
	journal = {Simulation Modelling Practice and Theory},
	volume = {47},
	issue = {0},
	pages = {28-45},
	year = {2014},
}
